@ARTICLE{Ahman_2016,
       author = {{Ahman}, Danel and {Uustalu}, Tarmo},
        title = "{Directed Containers as Categories}",
      journal = {arXiv e-prints},
     keywords = {Computer Science - Logic in Computer Science, Computer Science - Programming Languages, Mathematics - Category Theory, F.3.2},
         year = 2016,
        month = apr,
          eid = {arXiv:1604.01187},
        pages = {arXiv:1604.01187},
archivePrefix = {arXiv},
       eprint = {1604.01187},
 primaryClass = {cs.LO},
       adsurl = {https://ui.adsabs.harvard.edu/abs/2016arXiv160401187A},
      adsnote = {Provided by the SAO/NASA Astrophysics Data System}
}

@book{mac2013categories,
  title={Categories for the working mathematician},
  author={Mac Lane, Saunders},
  volume={5},
  year={2013},
  publisher={Springer Science \& Business Media}
}

@article{uustalu_comonadic_2008,
	series = {Proceedings of the {Ninth} {Workshop} on {Coalgebraic} {Methods} in {Computer} {Science} ({CMCS} 2008)},
	title = {Comonadic {Notions} of {Computation}},
	volume = {203},
	issn = {1571-0661},
	url = {http://www.sciencedirect.com/science/article/pii/S1571066108003435},
	doi = {10.1016/j.entcs.2008.05.029},
	abstract = {We argue that symmetric (semi)monoidal comonads provide a means to structure context-dependent notions of computation such as notions of dataflow computation (computation on streams) and of tree relabelling as in attribute evaluation. We propose a generic semantics for extensions of simply typed lambda calculus with context-dependent operations analogous to the Moggi-style semantics for effectful languages based on strong monads. This continues the work in the early 90s by Brookes, Geva and Van Stone on the use of computational comonads in intensional semantics.},
	language = {en},
	number = {5},
	urldate = {2020-05-31},
	journal = {Electronic Notes in Theoretical Computer Science},
	author = {Uustalu, Tarmo and Vene, Varmo},
	month = jun,
	year = {2008},
	keywords = {coKleisli semantics, context-dependent computation, dataflow computation, symmetric monoidal comonads, tree transformations},
	pages = {263--284},
	file = {ScienceDirect Snapshot:/home/pietro/Zotero/storage/ULVBCN3E/S1571066108003435.html:text/html;ScienceDirect Full Text PDF:/home/pietro/Zotero/storage/RSJ4SKQF/Uustalu and Vene - 2008 - Comonadic Notions of Computation.pdf:application/pdf}
}

@book{borceux1994handbook,
  title={Handbook of categorical algebra: volume 1, Basic category theory},
  author={Borceux, Francis},
  volume={1},
  year={1994},
  publisher={Cambridge University Press}
}
@ARTICLE{2020arXiv200702777V,
       author = {{Vertechi}, Pietro and {Frosini}, Patrizio and {Bergomi}, Mattia G.},
        title = "{Parametric machines: a fresh approach to architecture search}",
      journal = {arXiv e-prints},
     keywords = {Computer Science - Machine Learning, Statistics - Machine Learning, 18A20, 47L05, I.2.6},
         year = 2020,
        month = jul,
          eid = {arXiv:2007.02777},
        pages = {arXiv:2007.02777},
archivePrefix = {arXiv},
       eprint = {2007.02777},
 primaryClass = {cs.LG},
       adsurl = {https://ui.adsabs.harvard.edu/abs/2020arXiv200702777V},
      adsnote = {Provided by the SAO/NASA Astrophysics Data System}
}
